@misc {bh10,
  author  = {Barghava, Manjul and Shankar, Arul},
  title   = {Ternary cubic forms having bounded invariants, and the existence 
             of a positive proportion of elliptic curves having rank $0$},
  journal = {preprint},
  year    = {2010},
  note    = {\texttt{arXiv:1007.0052}},
}


@article {br84,
  author  = {Bremner, A. and Cassels, J.},
  title   = {On the equation {$Y^2 = X(X^2+p)$}},
  journal = {Math. Comp.},
  volume  = {42},
  year    = {1984},
  number  = {165},
  pages   = {257--264},
}


@book {de77,
  author    = {Deligne, Pierre},
  title     = {Cohomologie etale ({SGA $4\frac 1 2$})},
  publisher = {Springer},
  series    = {Lectures notes in mathematics},
  volume    = {569},
  year      = {1977}
}


@incollection {dj93,
  author    = {de Jong, Johan},
  title     = {Ample line bundles and intersection theory},
  booktitle = {Diophantine approximation and abelian varieties},
  series    = {Lecture Notes in Math.},
  volume    = {1566},
  pages     = {69--76},
  publisher = {Springer},
  address   = {Berlin},
  year      = {1993},
  url       = {http://dx.doi.org/10.1007/978-3-540-48208-6_7},
}

@misc{du,
  author       = {Dujella, A.},
  title        = {History of elliptic curves rank records},
  howpublished = {\url{http://web.math.pmf.unizg.hr/~duje/tors/rankhist.html}}
}

@article{gr61,
  author  = {Grothendieck, Alexandre},
  title   = {\'{E}l\'ements de g\'eom\'etrie alg\'ebrique. {III}. \'{E}tude cohomologique des faisceaux coh\'erents. {I}},
  journal = {Inst. Hautes \'Etudes Sci. Publ. Math.},
  number  = {11},
  year    = {1961}
}

@article{gr66,
  author  = {Grothendieck, Alexandre},
  title   = {On the {de Rham} cohomology of algebraic varieties},
  journal = {Inst. Hautes \'Etudes Sci. Publ. Math.},
  number  = {29},
  year    = {1966},
  pages   = {95--103}
}


@article{kl05, 
  author    = {Kleiman, Steven},
  title     = {The {P}icard scheme},
  series    = {Math. Surveys Monogr.},
  volume    = {123},
  pages     = {235--321},
  publisher = {Amer. Math. Soc.},
  year      = {2005}
}


@misc{mi,
  author       = {Milne, J. S.},
  title        = {Abelian varieties},
  howpublished = {\url{http://www.jmilne.org/math/CourseNotes/AV.pdf}}
}


@article {mo12,
    AUTHOR = {Mochizuki, Shinichi},
     TITLE = {Topics in absolute anabelian geometry {I}: generalities},
   JOURNAL = {J. Math. Sci. Univ. Tokyo},
  FJOURNAL = {The University of Tokyo. Journal of Mathematical Sciences},
    VOLUME = {19},
      YEAR = {2012},
    NUMBER = {2},
     PAGES = {139--242}
}


@book{mu94,
  author   = {Mumford D. and Fogarty, J. and Kirwan, F.},
  title    = {Geometric invariant theory},
  series = {Ergebnisse der Mathematik und ihrer Grenzgebiete (2)},
  volume = {34},
  edition = {Third},
  publisher = {Springer-Verlag},
  address = {Berlin},
  year = {1994},
  url = {http://dx.doi.org/10.1007/978-3-642-57916-5}
}


@book{mu08,
  author    = {Mumford, David},
  title     = {Abelian varieties},
  series    = {Tata Institute of Fundamental Research Studies in Mathematics},
  publisher = {Published for the Tata Institute of Fundamental Research, Bombay},
  year      = {2008}
}


@incollection{ni05,
  author    = {Nitsure, Nitin},
  title     = {Construction of {H}ilbert and {Q}uot schemes},
  booktitle = {Fundamental algebraic geometry},
  series    = {Math. Surveys Monogr.},
  volume    = {123},
  pages     = {105--137},
  publisher = {Amer. Math. Soc.},
  year      = {2005}
}


@misc{st09,
  author  = {Stoll, M.},
  title   = {On the average number of rational points on curves of genus 2},
  journal = {preprint},
  year    = {2009},
  note    = {\texttt{arXiv:0902.4165}}
}


@article {ts12,
  author  = {Tsimerman, Jacob},
  title   = {The existence of an abelian variety over {$\overline{\mathbb Q}$} isogenous to no {J}acobian},
  journal = {Ann. of Math. (2)},
  volume  = {176},
  year    = {2012},
  number  = {1},
  pages   = {637--650},
  url     = {http://dx.doi.org/10.4007/annals.2012.176.1.12}
}